<?xml version="1.0" encoding="UTF-8"?><collection xmlns:xsi="http://www.w3.org/2001/XMLSchema-instance" xmlns="http://www.loc.gov/MARC21/slim" xsi:schemaLocation="http://www.loc.gov/MARC21/slim http://www.loc.gov/standards/marcxml/schema/MARC21slim.xsd"><record><leader>02716ntm a2200361 a 4500</leader><controlfield tag="001">002583088</controlfield><controlfield tag="003">MiAaHDL</controlfield><controlfield tag="005">20240131000000.0</controlfield><controlfield tag="006">m        d        </controlfield><controlfield tag="007">cr bn ---auaua</controlfield><controlfield tag="008">921209s1623    xx            00||  ara d</controlfield><datafield tag="035" ind1=" " ind2=" "><subfield code="a">(MiU)990025830880106381</subfield></datafield><datafield tag="035" ind1=" " ind2=" "><subfield code="a">sdr-miu.990025830880106381</subfield></datafield><datafield tag="035" ind1=" " ind2=" "><subfield code="z">(MiU)MIU01000000000000002583088-goog</subfield></datafield><datafield tag="035" ind1=" " ind2=" "><subfield code="a">(RLIN)MIUH92-A37</subfield></datafield><datafield tag="035" ind1=" " ind2=" "><subfield code="a">(OCoLC)1179185006</subfield></datafield><datafield tag="035" ind1=" " ind2=" "><subfield code="z">(MiU)Aleph002583088</subfield></datafield><datafield tag="040" ind1=" " ind2=" "><subfield code="a">MiU</subfield><subfield code="c">MiU</subfield><subfield code="e">appm</subfield></datafield><datafield tag="100" ind1="1" ind2=" "><subfield code="6">880-01</subfield><subfield code="a">Ujhūrī, ʻAlī ibn Muḥammad,</subfield><subfield code="d">1559 or 1560-1656.</subfield></datafield><datafield tag="245" ind1="1" ind2="0"><subfield code="6">880-02</subfield><subfield code="a">Kitāb mukhtaṣar fī ʻilm al-ḥisāb :</subfield><subfield code="k">manuscript,</subfield><subfield code="f">[1623] /</subfield><subfield code="c">taʾlīf shaykhunā al-ʻālim al-ʻallāmah al-ʻumdah marjiʻ al-[?] al-mudarrisīn muḥaqqiq nukhab al-s[?] bi-farsīyah ʻAlī al-Ujhūrī.</subfield></datafield><datafield tag="300" ind1=" " ind2=" "><subfield code="a">1</subfield><subfield code="f">v. ([14] p. on 4 lvs.) ;</subfield><subfield code="c">22 cm.</subfield></datafield><datafield tag="500" ind1=" " ind2=" "><subfield code="a">Watermark: Anchor in circle. See Edward Heawood, Watermarks, Mainly of the 17th and 18th Centuries (Hilversum, 1950), nos. 1-8.</subfield></datafield><datafield tag="500" ind1=" " ind2=" "><subfield code="a">Text rubricated; bayts numbered by copyist; marginal corrections in hand of copyist (same as that of Mich. Isl. Ms. 715,2).</subfield></datafield><datafield tag="500" ind1=" " ind2=" "><subfield code="a">Date and name of copyist and client in colophon: kamala al-kitāb wa-tamma ... ʻalá yad mālikihi al-ḥaqīr Muḥammad ibn Aḥmad ibn Muḥammad ibn ʻAbd al-Fattāḥ lil-shaykh al-Ḥusaynī al-Mālalī[?] al-Qāsimī al-Jadīdī bi-al-Azhar al-muʻammaq 12 Ramaḍān al-muʻaẓẓam sanat 1032 [10 July 1623].</subfield></datafield><datafield tag="500" ind1=" " ind2=" "><subfield code="a">Pp. [1-10]. Bound with: Kitāb fī al-taksīr fī ʻilm al-ḥisāb, pp. [11-14].</subfield></datafield><datafield tag="520" ind1=" " ind2=" "><subfield code="a">A poem on arithmetic.</subfield></datafield><datafield tag="538" ind1=" " ind2=" "><subfield code="a">Mode of access: Internet.</subfield></datafield><datafield tag="541" ind1=" " ind2=" "><subfield code="d">11/13/34</subfield><subfield code="3">Manuscript</subfield><subfield code="a">History of Science, Meyerhof 29733</subfield><subfield code="c">Purchase, 1933/34</subfield><subfield code="h">15 p.t.</subfield></datafield><datafield tag="545" ind1=" " ind2=" "><subfield code="a">Born in Ujhūr, to north of Cairo; was a Mālikī shaykh at al-Azhar university.</subfield></datafield><datafield tag="561" ind1=" " ind2=" "><subfield code="a">Purchased in Cairo, 1933/34. Owners' marks: on p. [1], owner's seal: Muḥammad ibn al-Ḥusaynī; on pp. [10] and [14], owner's autograph: wa-mālikuhu al-faqīr Aḥmad al-Qalatī[?] al-Shāfiʻī; inside cover, manuscript notes in handwriting of Max Meyerhof.</subfield></datafield><datafield tag="650" ind1=" " ind2="0"><subfield code="a">Mathematics, Arab</subfield><subfield code="v">Early works to 1800.</subfield></datafield><datafield tag="650" ind1=" " ind2="0"><subfield code="a">Manuscripts, Arabic</subfield><subfield code="z">Michigan</subfield><subfield code="z">Ann Arbor.</subfield></datafield><datafield tag="700" ind1="1" ind2=" "><subfield code="a">Meyerhof, Max,</subfield><subfield code="d">1874-1945,</subfield><subfield code="e">former owner.</subfield></datafield><datafield tag="773" ind1="0" ind2=" "><subfield code="a">Tracy W. McGregor Collection of Arabic, Persian, and Turkish Mathematical and Astronomical Manuscripts.</subfield><subfield code="7">unbc</subfield><subfield code="w">(CStRLIN)MIUH92-A20.</subfield></datafield><datafield tag="880" ind1="1" ind2="0"><subfield code="6">245-02/</subfield><subfield code="a">كتاب مخفصر في علم الحساب :</subfield><subfield code="k">manuscript،</subfield><subfield code="f">[1623] /</subfield><subfield code="c">تأليف شيخنا العالم العلامة العمدة مرجع ال[؟] المدرسين محقق نخب الس[؟] بفرسية علي الأجهوري.</subfield></datafield><datafield tag="880" ind1="0" ind2=" "><subfield code="6">100-01/</subfield><subfield code="a">علي بن محمد الأجهوري.</subfield></datafield><datafield tag="899" ind1=" " ind2=" "><subfield code="a">39015062655397</subfield></datafield><datafield tag="CID" ind1=" " ind2=" "><subfield code="a">002583088</subfield></datafield><datafield tag="DAT" ind1="0" ind2=" "><subfield code="a">20020208000000.0</subfield><subfield code="b">20240131000000.0</subfield></datafield><datafield tag="DAT" ind1="1" ind2=" "><subfield code="a">20240131061316.0</subfield><subfield code="b">2024-01-31T15:41:51Z</subfield></datafield><datafield tag="DAT" ind1="2" ind2=" "><subfield code="a">2015-10-02T18:00:03Z</subfield></datafield><datafield tag="CAT" ind1=" " ind2=" "><subfield code="a">SDR-MIU</subfield><subfield code="c">miu</subfield><subfield code="d">ALMA</subfield><subfield code="l">prepare.pl-004-008</subfield></datafield><datafield tag="FMT" ind1=" " ind2=" "><subfield code="a">BK</subfield></datafield><datafield tag="HOL" ind1=" " ind2=" "><subfield code="0">sdr-miu.990025830880106381</subfield><subfield code="a">MiU</subfield><subfield code="b">SDR</subfield><subfield code="c">MIU</subfield><subfield code="f">002583088</subfield><subfield code="p">mdp.39015062655397</subfield><subfield code="s">MIU</subfield><subfield code="1">990025830880106381</subfield></datafield><datafield tag="974" ind1=" " ind2=" "><subfield code="b">MIU</subfield><subfield code="c">MIU</subfield><subfield code="d">20240131</subfield><subfield code="s">lit-dlps-dc</subfield><subfield code="u">mdp.39015062655397</subfield><subfield code="y">1623</subfield><subfield code="r">pd</subfield><subfield code="q">bib</subfield><subfield code="t">non-US bib date1 &lt; 1900</subfield></datafield></record></collection>